<record><leader>00000cas a22000007a 4500</leader><controlfield tag="001">10449919</controlfield><controlfield tag="008">840223d18401841laudr ne      0    0fre  </controlfield><controlfield tag="009">466</controlfield><datafield ind1=" " ind2=" " tag="010"><subfield code="a">sn 84020190 </subfield></datafield><datafield ind1=" " ind2=" " tag="040"><subfield code="a">DLC</subfield><subfield code="b">eng</subfield><subfield code="c">DLC</subfield><subfield code="d">NPX</subfield><subfield code="d">DLC</subfield><subfield code="d">LNP</subfield><subfield code="d">OCLCQ</subfield></datafield><datafield ind1="1" ind2=" " tag="029"><subfield code="a">AU@</subfield><subfield code="b">000025806429</subfield></datafield><datafield ind1="0" ind2=" " tag="041"><subfield code="a">frespaeng</subfield></datafield><datafield ind1=" " ind2=" " tag="042"><subfield code="a">msc</subfield></datafield><datafield ind1="0" ind2="0" tag="050"><subfield code="a">Newspaper</subfield></datafield><datafield ind1="0" ind2="2" tag="245"><subfield code="a">L'Avenir du peuple.</subfield></datafield><datafield ind1="3" ind2="0" tag="246"><subfield code="a">Por-venir del pueblo</subfield></datafield><datafield ind1="3" ind2="0" tag="246"><subfield code="a">Future</subfield></datafield><datafield ind1=" " ind2=" " tag="260"><subfield code="a">[New Orleans, La. :</subfield><subfield code="b">s.n.]</subfield></datafield><datafield ind1=" " ind2=" " tag="300"><subfield code="a">v. ;</subfield><subfield code="c">66 cm.</subfield></datafield><datafield ind1=" " ind2=" " tag="310"><subfield code="a">Daily,</subfield><subfield code="b">Oct. 25, 1840-</subfield></datafield><datafield ind1=" " ind2=" " tag="321"><subfield code="a">Three times a week,</subfield><subfield code="b">&lt;Aug. 7, 1840&gt;-&lt;Oct. 11, 1840&gt;</subfield></datafield><datafield ind1="1" ind2=" " tag="362"><subfield code="a">Began with Aug. 2, 1840 issue; ceased in 1841?</subfield></datafield><datafield ind1=" " ind2=" " tag="500"><subfield code="a">Published with an additional masthead in Spanish: El por-venir del pueblo, &lt;Sept. 13, 1840-Oct. 11, 1840&gt;; El por-venir, &lt;Oct. 25, 1840&gt;.</subfield></datafield><datafield ind1=" " ind2=" " tag="500"><subfield code="a">Published with an additional masthead in English: The Future, &lt;Oct. 25, 1840&gt;.</subfield></datafield><datafield ind1=" " ind2=" " tag="500"><subfield code="a">Subtitle varies: Feuille politique, commerciale et litte&#769;raire; Fueille politique at litte&#769;raire; Feuille politique, litte&#769;raire at commerciale.</subfield></datafield><datafield ind1=" " ind2=" " tag="546"><subfield code="a">In French and Spanish. In French, Spanish and English &lt;Oct. 25, 1840&gt;.</subfield></datafield><datafield ind1=" " ind2=" " tag="752"><subfield code="a">United States</subfield><subfield code="b">Louisiana</subfield><subfield code="c">Orleans</subfield><subfield code="d">New Orleans.</subfield></datafield></record>